@article{Rose1958Consistency-of-Preference:-The-Two-Commodity-Case,
	Author = {Rose, Hugh},
	Journal = {The Review of Economic Studies},
	Month = {02},
	Number = {2},
	Pages = {124-125},
	Title = {{Consistency of Preference: The Two-Commodity Case}},
	Volume = {25},
	Year = {1958}}

@article{Samuelson1938A-Note-on-the-Pure-Theory-of-Consumer's-Behaviour,
	Author = {Samuelson, Paul A.},
	Journal = {Economica},
	Month = {02},
	Number = {17},
	Pages = {61-71},
	Title = {{A Note on the Pure Theory of Consumer's Behaviour}},
	Volume = {5},
	Year = {1938}}
